@misc{article:markovmodel,
      author = {Valli Mayil, V},
      title = {{Web Navigation Path Pattern Prediction using First Order Markov Model and Depth first Evaluation}}
}

@misc{website:redundantsudoku,
	author = {Brownlee, Jason},
	title = {{How to prepare data for machine learning}},
	howpublished = "\url{http://machinelearningmastery.com/how-to-prepare-data-for-machine-learning/}"
}